<?xml version="1.0" encoding="UTF-8"?><record xmlns="http://www.loc.gov/MARC21/slim" xmlns:cinclude="http://apache.org/cocoon/include/1.0" xmlns:zs="http://www.loc.gov/zing/srw/">
  <leader>00614nz  a2200145n  4500</leader>
  <controlfield tag="001">no2003059056</controlfield>
  <controlfield tag="003">DLC</controlfield>
  <controlfield tag="005">20030617051954.0</controlfield>
  <controlfield tag="008">030616n| acannaabn          |n ana     c</controlfield>
  <datafield tag="010" ind1=" " ind2=" ">
    <subfield code="a">no2003059056</subfield>
  </datafield>
  <datafield tag="035" ind1=" " ind2=" ">
    <subfield code="a">(OCoLC)oca06076840</subfield>
  </datafield>
  <datafield tag="040" ind1=" " ind2=" ">
    <subfield code="a">NNC</subfield>
    <subfield code="b">eng</subfield>
    <subfield code="c">NNC</subfield>
  </datafield>
  <datafield tag="110" ind1="2" ind2=" ">
    <subfield code="a">Förderverein Museumspark Baustoffindustrie Rüdersdorf</subfield>
  </datafield>
  <datafield tag="670" ind1=" " ind2=" ">
    <subfield code="a">Wirtschaft und Denkmalpflege, c1993:</subfield>
    <subfield code="b">t.p. (Förderverein Museumspark Baustoffindustrie Rüdersdorf)</subfield>
  </datafield>
  <datafield tag="670" ind1=" " ind2=" ">
    <subfield code="a">Museumspark Baustoffindustrie Rüdersdorf [Germany] home page, via WWW, June 13, 2003</subfield>
    <subfield code="b">(Förderverein Museumspark Baustoffindustrie Rüdersdorf; founded 1992)</subfield>
  </datafield>
</record>